@article{spekman2004risky,
  title={Risky business: expanding the discussion on risk and the extended enterprise},
  author={Spekman, Robert E and Davis, Edward W},
  journal={International Journal of Physical Distribution \& Logistics Management},
  volume={34},
  number={5},
  pages={414--433},
  year={2004},
  publisher={Emerald Group Publishing Limited}
}

@book{mosley2010dama,
  title={DAMA guide to the data management body of knowledge},
  author={Mosley, Mark and Brackett, Michael H and Earley, Susan and Henderson, Deborah},
  year={2010},
  publisher={Technics Publications}
}

@article{alguezaui2014knowledge,
  title={A knowledge-based view of the extending enterprise for enhancing a collaborative innovation advantage},
  author={Alguezaui, Salma and Filieri, Raffaele},
  journal={International Journal of Agile Systems and Management},
  volume={7},
  number={2},
  pages={116--131},
  year={2014},
  publisher={Inderscience Publishers Ltd}
}

@article{patton2002qualitative,
  title={Qualitative interviewing},
  author={Patton, Michael Quinn},
  journal={Qualitative research and evaluation methods},
  volume={3},
  pages={344--347},
  year={2002},
  publisher={Sage Thousand Oaks, CA}
}

@article{khatri2010designing,
  title={Designing data governance},
  author={Khatri, Vijay and Brown, Carol V},
  journal={Communications of the ACM},
  volume={53},
  number={1},
  pages={148--152},
  year={2010},
  publisher={ACM}
}

@book{dyer2000collaborative,
  title={Collaborative advantage: Winning through extended enterprise supplier networks},
  author={Dyer, Jeffrey H},
  year={2000},
  publisher={Oxford University Press}
}


@book{hirsjarvi2000tutkimushaastattelu,
  title={Tutkimushaastattelu: teemahaastattelun teoria ja k{\"a}yt{\"a}nt{\"o}},
  author={Hirsj{\"a}rvi, Sirkka and Hurme, Helena},
  year={2000},
  publisher={Yliopistopaino}
}
